@article{Nicolelis2009PrinciplesON,
  title={Principles of neural ensemble physiology underlying the operation of brain–machine interfaces},
  author={Miguel A. L. Nicolelis and Mikhail A. Lebedev},
  journal={Nature Reviews Neuroscience},
  year={2009},
  volume={10},
  pages={530-540}
}

%TODO: NOT CORRECT
@article{zador1997spikes,
	title={Spikes: Exploring the neural code},
	author={Zador, Anthony},
	journal={Science},
	volume={277},
	number={5327},
	pages={772--773},
	year={1997},
	publisher={American Association for the Advancement of Science}
}

@article{wehr1999simultaneous,
	title={Simultaneous paired intracellular and tetrode recordings for evaluating the performance of spike sorting algorithms},
	author={Wehr, Michael and Pezaris, John S and Sahani, Maneesh},
	journal={Neurocomputing},
	volume={26},
	pages={1061--1068},
	year={1999},
	publisher={Elsevier}
}

@article{lewicki1998review,
	title={A review of methods for spike sorting: the detection and classification of neural action potentials},
	author={Lewicki, Michael S},
	journal={Network: Computation in Neural Systems},
	volume={9},
	number={4},
	pages={R53},
	year={1998},
	publisher={IOP Publishing}
}

@article{rodieck1967maintained,
	title={Maintained activity of cat retinal ganglion cells.},
	author={Rodieck, RW},
	journal={Journal of Neurophysiology},
	volume={30},
	number={5},
	pages={1043--1071},
	year={1967}
}

@article{adamos2008performance,
	title={Performance evaluation of PCA-based spike sorting algorithms},
	author={Adamos, Dimitrios A and Kosmidis, Efstratios K and Theophilidis, George},
	journal={Computer methods and programs in biomedicine},
	volume={91},
	number={3},
	pages={232--244},
	year={2008},
	publisher={Elsevier}
}

@article{quiroga2004unsupervised,
	title={Unsupervised spike detection and sorting with wavelets and superparamagnetic clustering},
	author={Quiroga, R Quian and Nadasdy, Zoltan and Ben-Shaul, Yoram},
	journal={Neural computation},
	volume={16},
	number={8},
	pages={1661--1687},
	year={2004},
	publisher={MIT Press One Rogers Street, Cambridge, MA 02142-1209, USA journals-info~…}
}

@article{wood2008nonparametric,
	title={A nonparametric Bayesian alternative to spike sorting},
	author={Wood, Frank and Black, Michael J},
	journal={Journal of neuroscience methods},
	volume={173},
	number={1},
	pages={1--12},
	year={2008},
	publisher={Elsevier}
}

@article{kadir2014high,
	title={High-dimensional cluster analysis with the masked EM algorithm},
	author={Kadir, Shabnam N and Goodman, Dan FM and Harris, Kenneth D},
	journal={Neural computation},
	volume={26},
	number={11},
	pages={2379--2394},
	year={2014},
	publisher={MIT Press}
}

@article{franke2015bayes,
	title={Bayes optimal template matching for spike sorting--combining fisher discriminant analysis with optimal filtering},
	author={Franke, Felix and Quiroga, Rodrigo Quian and Hierlemann, Andreas and Obermayer, Klaus},
	journal={Journal of computational neuroscience},
	volume={38},
	number={3},
	pages={439--459},
	year={2015},
	publisher={Springer}
}

@article{carlson2013multichannel,
	title={Multichannel electrophysiological spike sorting via joint dictionary learning and mixture modeling},
	author={Carlson, David E and Vogelstein, Joshua T and Wu, Qisong and Lian, Wenzhao and Zhou, Mingyuan and Stoetzner, Colin R and Kipke, Daryl and Weber, Douglas and Dunson, David B and Carin, Lawrence},
	journal={IEEE Transactions on Biomedical Engineering},
	volume={61},
	number={1},
	pages={41--54},
	year={2013},
	publisher={IEEE}
}

@article{ekanadham2014unified,
	title={A unified framework and method for automatic neural spike identification},
	author={Ekanadham, Chaitanya and Tranchina, Daniel and Simoncelli, Eero P},
	journal={Journal of neuroscience methods},
	volume={222},
	pages={47--55},
	year={2014},
	publisher={Elsevier}
}

@article{lewicki2000learning,
	title={Learning overcomplete representations},
	author={Lewicki, Michael S and Sejnowski, Terrence J},
	journal={Neural computation},
	volume={12},
	number={2},
	pages={337--365},
	year={2000},
	publisher={MIT Press One Rogers Street, Cambridge, MA 02142-1209, USA journals-info~…}
}

@inproceedings{yang2011fisher,
	title={Fisher discrimination dictionary learning for sparse representation},
	author={Yang, Meng and Zhang, Lei and Feng, Xiangchu and Zhang, David},
	booktitle={2011 International Conference on Computer Vision},
	pages={543--550},
	year={2011},
	organization={IEEE}
}